[gd_resource type="TileSet" load_steps=22 format=2]

[ext_resource path="res://World/map/tilemap.png" type="Texture" id=1]

[sub_resource type="ConvexPolygonShape2D" id=1]

custom_solver_bias = 0.0
points = PoolVector2Array( -20, 0.323532, -16, -7.67647, -4, -8, -4, 0, -4, 8, -16, 8.32353 )

[sub_resource type="ConvexPolygonShape2D" id=2]

custom_solver_bias = 0.0
points = PoolVector2Array( 12, 0, 12, -8, 16, -8, 20, 0, 16, 8, 12, 8 )

[sub_resource type="ConvexPolygonShape2D" id=3]

custom_solver_bias = 0.0
points = PoolVector2Array( -8, -16, -4, -20, 8, -20, 12, -16, 12, -8, -4, -8 )

[sub_resource type="ConvexPolygonShape2D" id=4]

custom_solver_bias = 0.0
points = PoolVector2Array( -20, 0.323532, -16, -7.67647, 16, -7.67647, 20, 0.323532, 16, 8.32353, -16, 8.32353 )

[sub_resource type="ConvexPolygonShape2D" id=5]

custom_solver_bias = 0.0
points = PoolVector2Array( -8, 0, 8, 0, 8, 8, -8, 8 )

[sub_resource type="ConvexPolygonShape2D" id=6]

custom_solver_bias = 0.0
points = PoolVector2Array( -40, 16, -40, -16, 40, -16, 40, 16 )

[sub_resource type="ConvexPolygonShape2D" id=7]

custom_solver_bias = 0.0
points = PoolVector2Array( 8, 8, 16, 8, 16, 16, 8, 16 )

[sub_resource type="ConvexPolygonShape2D" id=8]

custom_solver_bias = 0.0
points = PoolVector2Array( 0, 8, 16, 8, 16, 16, 0, 16 )

[sub_resource type="ConvexPolygonShape2D" id=9]

custom_solver_bias = 0.0
points = PoolVector2Array( 0, 8, 8, 8, 8, 16, 0, 16 )

[sub_resource type="ConvexPolygonShape2D" id=10]

custom_solver_bias = 0.0
points = PoolVector2Array( 8, 0, 16, 0, 16, 16, 8, 16 )

[sub_resource type="ConvexPolygonShape2D" id=11]

custom_solver_bias = 0.0
points = PoolVector2Array( 0, 0, 16, 0, 16, 16, 0, 16 )

[sub_resource type="ConvexPolygonShape2D" id=12]

custom_solver_bias = 0.0
points = PoolVector2Array( 0, 0, 8, 0, 8, 16, 0, 16 )

[sub_resource type="ConvexPolygonShape2D" id=13]

custom_solver_bias = 0.0
points = PoolVector2Array( 16, 0, 16, 8, 8, 8, 8, 0 )

[sub_resource type="ConvexPolygonShape2D" id=14]

custom_solver_bias = 0.0
points = PoolVector2Array( 0, 0, 16, 0, 16, 8, 0, 8 )

[sub_resource type="ConvexPolygonShape2D" id=15]

custom_solver_bias = 0.0
points = PoolVector2Array( 8, 0, 8, 8, 0, 8, 0, 0 )

[sub_resource type="ConvexPolygonShape2D" id=16]

custom_solver_bias = 0.0
points = PoolVector2Array( 0, 8, 8, 8, 8, 0, 16, 0, 16, 16, 8, 16, 0, 16 )

[sub_resource type="ConvexPolygonShape2D" id=17]

custom_solver_bias = 0.0
points = PoolVector2Array( 0, 0, 8, 0, 8, 8, 16, 8, 16, 16, 0, 16 )

[sub_resource type="ConvexPolygonShape2D" id=18]

custom_solver_bias = 0.0
points = PoolVector2Array( 0, 0, 16, 0, 16, 16, 8, 16, 8, 8, 0, 8 )

[sub_resource type="ConvexPolygonShape2D" id=19]

custom_solver_bias = 0.0
points = PoolVector2Array( 0, 0, 16, 0, 16, 8, 8, 8, 8, 16, 0, 16 )

[sub_resource type="ConvexPolygonShape2D" id=20]

custom_solver_bias = 0.0
points = PoolVector2Array( -40, 16, -40, -16, 40, -16, 40, 16 )

[resource]

0/name = "01-Grass"
0/texture = ExtResource( 1 )
0/tex_offset = Vector2( 0, 0 )
0/modulate = Color( 1, 1, 1, 1 )
0/region = Rect2( 0, 0, 336, 192 )
0/is_autotile = true
0/autotile/bitmask_mode = 0
0/autotile/icon_coordinate = Vector2( 8, 0 )
0/autotile/tile_size = Vector2( 16, 16 )
0/autotile/spacing = 0
0/autotile/bitmask_flags = [ Vector2( 8, 0 ), 325, Vector2( 9, 0 ), 325 ]
0/autotile/occluder_map = [  ]
0/autotile/navpoly_map = [  ]
0/autotile/priority_map = [  ]
0/occluder_offset = Vector2( 0, 0 )
0/navigation_offset = Vector2( 0, 0 )
0/shapes = [  ]
1/name = "02-Path"
1/texture = ExtResource( 1 )
1/tex_offset = Vector2( 0, 0 )
1/modulate = Color( 1, 1, 1, 1 )
1/region = Rect2( 0, 0, 336, 192 )
1/is_autotile = true
1/autotile/bitmask_mode = 0
1/autotile/icon_coordinate = Vector2( 9, 2 )
1/autotile/tile_size = Vector2( 16, 16 )
1/autotile/spacing = 0
1/autotile/bitmask_flags = [ Vector2( 8, 1 ), 256, Vector2( 8, 2 ), 260, Vector2( 8, 3 ), 4, Vector2( 9, 1 ), 320, Vector2( 9, 2 ), 325, Vector2( 9, 3 ), 5, Vector2( 10, 1 ), 64, Vector2( 10, 2 ), 65, Vector2( 10, 3 ), 1, Vector2( 11, 0 ), 324, Vector2( 11, 1 ), 261, Vector2( 11, 2 ), 1, Vector2( 11, 3 ), 64, Vector2( 12, 0 ), 321, Vector2( 12, 1 ), 69, Vector2( 12, 2 ), 4, Vector2( 12, 3 ), 256 ]
1/autotile/occluder_map = [  ]
1/autotile/navpoly_map = [  ]
1/autotile/priority_map = [  ]
1/occluder_offset = Vector2( 0, 0 )
1/navigation_offset = Vector2( 0, 0 )
1/shapes = [  ]
2/name = "03-Bush"
2/texture = ExtResource( 1 )
2/tex_offset = Vector2( 0, 0 )
2/modulate = Color( 1, 1, 1, 1 )
2/region = Rect2( 0, 0, 336, 192 )
2/is_autotile = true
2/autotile/bitmask_mode = 0
2/autotile/icon_coordinate = Vector2( 1, 7 )
2/autotile/tile_size = Vector2( 16, 16 )
2/autotile/spacing = 0
2/autotile/bitmask_flags = [ Vector2( 0, 6 ), 256, Vector2( 0, 7 ), 260, Vector2( 0, 8 ), 4, Vector2( 1, 6 ), 320, Vector2( 1, 7 ), 325, Vector2( 1, 8 ), 5, Vector2( 2, 6 ), 64, Vector2( 2, 7 ), 65, Vector2( 2, 8 ), 1 ]
2/autotile/occluder_map = [  ]
2/autotile/navpoly_map = [  ]
2/autotile/priority_map = [  ]
2/occluder_offset = Vector2( 0, 0 )
2/navigation_offset = Vector2( 0, 0 )
2/shapes = [  ]
3/name = "04-Tree"
3/texture = ExtResource( 1 )
3/tex_offset = Vector2( -24, -40 )
3/modulate = Color( 1, 1, 1, 1 )
3/region = Rect2( 80, 48, 48, 48 )
3/is_autotile = false
3/occluder_offset = Vector2( 0, 0 )
3/navigation_offset = Vector2( 0, 0 )
3/shapes = [ {
"autotile_coord": Vector2( 0, 0 ),
"one_way": false,
"shape": SubResource( 4 ),
"shape_transform": Transform2D( 1, 0, 0, 1, 0, 0 )
} ]
4/name = "05-Sign"
4/texture = ExtResource( 1 )
4/tex_offset = Vector2( -8, -24 )
4/modulate = Color( 1, 1, 1, 1 )
4/region = Rect2( 64, 112, 16, 32 )
4/is_autotile = false
4/occluder_offset = Vector2( 0, 0 )
4/navigation_offset = Vector2( 0, 0 )
4/shapes = [ {
"autotile_coord": Vector2( 0, 0 ),
"one_way": false,
"shape": SubResource( 5 ),
"shape_transform": Transform2D( 1, 0, 0, 1, 0, 0 )
} ]
5/name = "06-House"
5/texture = ExtResource( 1 )
5/tex_offset = Vector2( -40, -80 )
5/modulate = Color( 1, 1, 1, 1 )
5/region = Rect2( 0, 0, 80, 96 )
5/is_autotile = false
5/occluder_offset = Vector2( 0, 0 )
5/navigation_offset = Vector2( 0, 0 )
5/shapes = [ {
"autotile_coord": Vector2( 0, 0 ),
"one_way": false,
"shape": SubResource( 6 ),
"shape_transform": Transform2D( 1, 0, 0, 1, 0, 0 )
} ]
6/name = "07-Water1"
6/texture = ExtResource( 1 )
6/tex_offset = Vector2( 0, 0 )
6/modulate = Color( 1, 1, 1, 1 )
6/region = Rect2( 0, 0, 336, 192 )
6/is_autotile = true
6/autotile/bitmask_mode = 0
6/autotile/icon_coordinate = Vector2( 12, 7 )
6/autotile/tile_size = Vector2( 16, 16 )
6/autotile/spacing = 0
6/autotile/bitmask_flags = [ Vector2( 11, 6 ), 256, Vector2( 11, 7 ), 260, Vector2( 11, 8 ), 4, Vector2( 12, 6 ), 320, Vector2( 12, 7 ), 325, Vector2( 12, 8 ), 5, Vector2( 13, 6 ), 64, Vector2( 13, 7 ), 65, Vector2( 13, 8 ), 1, Vector2( 14, 7 ), 324, Vector2( 14, 8 ), 261, Vector2( 15, 7 ), 321, Vector2( 15, 8 ), 69 ]
6/autotile/occluder_map = [  ]
6/autotile/navpoly_map = [  ]
6/autotile/priority_map = [  ]
6/occluder_offset = Vector2( 0, 0 )
6/navigation_offset = Vector2( 0, 0 )
6/shapes = [ {
"autotile_coord": Vector2( 11, 6 ),
"one_way": false,
"shape": SubResource( 7 ),
"shape_transform": Transform2D( 1, 0, 0, 1, 0, 0 )
}, {
"autotile_coord": Vector2( 12, 6 ),
"one_way": false,
"shape": SubResource( 8 ),
"shape_transform": Transform2D( 1, 0, 0, 1, 0, 0 )
}, {
"autotile_coord": Vector2( 13, 6 ),
"one_way": false,
"shape": SubResource( 9 ),
"shape_transform": Transform2D( 1, 0, 0, 1, 0, 0 )
}, {
"autotile_coord": Vector2( 11, 7 ),
"one_way": false,
"shape": SubResource( 10 ),
"shape_transform": Transform2D( 1, 0, 0, 1, 0, 0 )
}, {
"autotile_coord": Vector2( 12, 7 ),
"one_way": false,
"shape": SubResource( 11 ),
"shape_transform": Transform2D( 1, 0, 0, 1, 0, 0 )
}, {
"autotile_coord": Vector2( 13, 7 ),
"one_way": false,
"shape": SubResource( 12 ),
"shape_transform": Transform2D( 1, 0, 0, 1, 0, 0 )
}, {
"autotile_coord": Vector2( 11, 8 ),
"one_way": false,
"shape": SubResource( 13 ),
"shape_transform": Transform2D( 1, 0, 0, 1, 0, 0 )
}, {
"autotile_coord": Vector2( 12, 8 ),
"one_way": false,
"shape": SubResource( 14 ),
"shape_transform": Transform2D( 1, 0, 0, 1, 0, 0 )
}, {
"autotile_coord": Vector2( 13, 8 ),
"one_way": false,
"shape": SubResource( 15 ),
"shape_transform": Transform2D( 1, 0, 0, 1, 0, 0 )
}, {
"autotile_coord": Vector2( 14, 7 ),
"one_way": false,
"shape": SubResource( 16 ),
"shape_transform": Transform2D( 1, 0, 0, 1, 0, 0 )
}, {
"autotile_coord": Vector2( 15, 7 ),
"one_way": false,
"shape": SubResource( 17 ),
"shape_transform": Transform2D( 1, 0, 0, 1, 0, 0 )
}, {
"autotile_coord": Vector2( 14, 8 ),
"one_way": false,
"shape": SubResource( 18 ),
"shape_transform": Transform2D( 1, 0, 0, 1, 0, 0 )
}, {
"autotile_coord": Vector2( 15, 8 ),
"one_way": false,
"shape": SubResource( 19 ),
"shape_transform": Transform2D( 1, 0, 0, 1, 0, 0 )
} ]
7/name = "08-Water2"
7/texture = ExtResource( 1 )
7/tex_offset = Vector2( 0, 0 )
7/modulate = Color( 1, 1, 1, 1 )
7/region = Rect2( 0, 0, 336, 192 )
7/is_autotile = false
7/occluder_offset = Vector2( 0, 0 )
7/navigation_offset = Vector2( 0, 0 )
7/shapes = [  ]
8/name = "08-ClockTower"
8/texture = ExtResource( 1 )
8/tex_offset = Vector2( -32, -80 )
8/modulate = Color( 1, 1, 1, 1 )
8/region = Rect2( 208, 0, 64, 96 )
8/is_autotile = false
8/occluder_offset = Vector2( 0, 0 )
8/navigation_offset = Vector2( 0, 0 )
8/shapes = [ {
"autotile_coord": Vector2( 0, 0 ),
"one_way": false,
"shape": SubResource( 20 ),
"shape_transform": Transform2D( 1, 0, 0, 1, 0, 0 )
} ]
9/name = "09-Manhole"
9/texture = ExtResource( 1 )
9/tex_offset = Vector2( -8, 0 )
9/modulate = Color( 1, 1, 1, 1 )
9/region = Rect2( 96, 16, 16, 16 )
9/is_autotile = false
9/occluder_offset = Vector2( 0, 0 )
9/navigation_offset = Vector2( 0, 0 )
9/shapes = [  ]
10/name = "10-TreeWithRope"
10/texture = ExtResource( 1 )
10/tex_offset = Vector2( -24, -40 )
10/modulate = Color( 1, 1, 1, 1 )
10/region = Rect2( 272, 0, 48, 48 )
10/is_autotile = false
10/occluder_offset = Vector2( 0, 0 )
10/navigation_offset = Vector2( 0, 0 )
10/shapes = [ {
"autotile_coord": Vector2( 0, 0 ),
"one_way": false,
"shape": SubResource( 1 ),
"shape_transform": Transform2D( 1, 0, 0, 1, 0, 0 )
}, {
"autotile_coord": Vector2( 0, 0 ),
"one_way": false,
"shape": SubResource( 2 ),
"shape_transform": Transform2D( 1, 0, 0, 1, 0, 0 )
}, {
"autotile_coord": Vector2( 0, 0 ),
"one_way": false,
"shape": SubResource( 3 ),
"shape_transform": Transform2D( 1, 0, 0, 1, 0, 0 )
} ]
_sections_unfolded = [ "7" ]

